<?xml version="1.0" encoding="UTF-8"?><collection xmlns="http://www.loc.gov/MARC21/slim"><record><leader>00599nam--2200217-u-4500</leader><controlfield tag="001">000050430</controlfield><controlfield tag="002">20161230</controlfield><controlfield tag="003">81853</controlfield><controlfield tag="005">20161230201048</controlfield><controlfield tag="008">070322s1000------------r-----000-0-eng-d</controlfield><datafield ind1=" " ind2=" " tag="020"><subfield code="a">9027721416</subfield></datafield><datafield ind1=" " ind2=" " tag="040"><subfield code="a">IFIN-HH</subfield></datafield><datafield ind1=" " ind2=" " tag="080"><subfield code="a">512.54:530.145:539.12</subfield></datafield><datafield ind1="1" ind2=" " tag="100"><subfield code="a">Kim, Y.S. /S.A.</subfield></datafield><datafield ind1="1" ind2="0" tag="245"><subfield code="a">Theory and applications of the poincare group</subfield><subfield code="c">Y.s. kim ; marilyn e. noz</subfield></datafield><datafield ind1=" " ind2=" " tag="260"><subfield code="a">Dordrecht</subfield><subfield code="b">Publishing Company</subfield><subfield code="c">1986</subfield></datafield><datafield ind1=" " ind2=" " tag="300"><subfield code="a">331 p</subfield></datafield><datafield ind1=" " ind2=" " tag="490"><subfield code="a">Fundamental Theories Of Physics</subfield></datafield><datafield ind1="1" ind2=" " tag="700"><subfield code="a">Noz, Marilyn E</subfield></datafield><datafield ind1=" " ind2=" " tag="852"><subfield code="a">81853</subfield><subfield code="c">519.4/5</subfield></datafield><datafield ind1=" " ind2=" " tag="CAT"><subfield code="a">Sys</subfield><subfield code="c">20120508</subfield><subfield code="h">092915</subfield></datafield></record></collection>